@misc{2023DePeau-Wilson,
    AUTHOR        = {Michael DePeau-Wilson},
    TITLE         = {Is ChatGPT Becoming Synonymous With Plagiarism in Scientific Research?},
    URL           = {https://www.medpagetoday.com/special-reports/exclusives/102830},
    LAST_ACCESSED = {2023 February 23},
    HOW_PUBLISHED = {online},
    PUBLISHER     = {medpagetoday.com},
    YEAR          = {2023},
    DATE          = {2023 January 26},
    NOTE          = {Science will no longer publish research that uses ChatGPT or other AI-generated text programes}
}


@misc{2022Morrison,
    AUTHOR        = {Morrison, Ryan},
    TITLE         = {Computer power is becoming a bottleneck for developing AI. Here's how you clear it.},
    URL           = {https://techmonitor.ai/technology/ai-and-automation/chatgpt-ai-compute-power},
    LAST_ACCESSED = {23 February 2023},
    HOW_PUBLISHED = {online},
    PUBLISHER     = {Techmonitor.ai},
    YEAR          = {2022},
    NOTE          = {Large language AI models like GPT-3 use a lot of computer power. As they continue to grow in size, will hardware keep pace?}
}

@misc{2023unknown,
    AUTHOR        = {Meyer, Bertrand},
    TITLE         = {What ChatGPT and AI-based Program Generation Mean for the future of software},
    URL           = {https://news.ycombinator.com/item?id=34473783},
    LAST_ACCESSED = {23 February 2023},
    HOW_PUBLISHED = {online},
    PUBLISHER     = {Communications of the ACM},
    YEAR          = {2022},
    NOTE          = {https://cacm.acm.org/blogs/blog-cacm/268103-what-do-chatgpt-and-ai-based-automatic-program-generation-mean-for-the-future-of-software/fulltext}
}
\iffalse
@misc{thetitle,
    AUTHOR        = {},
    TITLE         = {},
    URL           = {},
    LAST_ACCESSED = {},
    HOW_PUBLISHED = {},
    PUBLISHER     = {},
    YEAR          = {},
    NOTE          = {}
}
\fi